<?xml version="1.0" encoding="UTF-8"?>
<!DOCTYPE html PUBLIC "-//W3C//DTD XHTML 1.0 Transitional//EN"
    "http://www.w3.org/TR/xhtml1/DTD/xhtml1-transitional.dtd">
<html xmlns="http://www.w3.org/1999/xhtml" xml:lang="en" lang="en">
 <head>
  <title>
</title>
<meta http-equiv="Content-Type" content="text/html;charset=utf-8" />
  <meta name='ocr-system' content='tesseract 3.04.00' />
  <meta name='ocr-capabilities' content='ocr_page ocr_carea ocr_par ocr_line ocrx_word'/>
</head>
<body>
  <div class='ocr_page' id='page_1' title='image "./systemaalgarum00agar_0008.png"; bbox 0 0 1793 3057; ppageno 0'>
   <div class='ocr_carea' id='block_1_1' title="bbox 296 258 1793 613">
    <p class='ocr_par' dir='ltr' id='par_1_1' title="bbox 296 258 1793 613">
     <span class='ocr_line' id='line_1_1' title="bbox 302 258 1769 327; baseline -0.018 -4"><span class='ocrx_word' id='word_1_1' title='bbox 302 279 399 323; x_wconf 81' lang='lat' dir='ltr'><strong>vim</strong></span> <span class='ocrx_word' id='word_1_2' title='bbox 447 276 550 318; x_wconf 84' lang='lat' dir='ltr'><strong>oleo</strong></span> <span class='ocrx_word' id='word_1_3' title='bbox 606 270 784 327; x_wconf 82' lang='lat' dir='ltr'><strong>ingenii</strong></span> <span class='ocrx_word' id='word_1_4' title='bbox 814 270 890 313; x_wconf 80' lang='lat' dir='ltr'><strong>vel</strong></span> <span class='ocrx_word' id='word_1_5' title='bbox 943 265 1202 308; x_wconf 77' lang='lat' dir='ltr'><strong>studiorum</strong></span> <span class='ocrx_word' id='word_1_6' title='bbox 1253 259 1449 302; x_wconf 57' lang='lat' dir='ltr'><strong>ethereo</strong></span> <span class='ocrx_word' id='word_1_7' title='bbox 1499 258 1680 301; x_wconf 81' lang='lat' dir='ltr'><strong>nutrire</strong></span> <span class='ocrx_word' id='word_1_8' title='bbox 1716 260 1769 300; x_wconf 58' lang='lat' dir='ltr'><strong>et‘</strong></span> 
     </span>
     <span class='ocr_line' id='line_1_2' title="bbox 303 319 1793 406; baseline -0.015 -13"><span class='ocrx_word' id='word_1_9' title='bbox 303 363 496 406; x_wconf 83' lang='lat' dir='ltr'><strong>augere,</strong></span> <span class='ocrx_word' id='word_1_10' title='bbox 547 345 619 387; x_wconf 74' lang='lat' dir='ltr'><strong>eui</strong></span> <span class='ocrx_word' id='word_1_11' title='bbox 668 343 806 385; x_wconf 77' lang='lat' dir='ltr'><strong>officii</strong></span> <span class='ocrx_word' id='word_1_12' title='bbox 855 355 983 385; x_wconf 85' lang='lat' dir='ltr'><strong>esse,</strong></span> <span class='ocrx_word' id='word_1_13' title='bbox 1038 336 1228 378; x_wconf 87' lang='lat' dir='ltr'><strong>minime</strong></span> <span class='ocrx_word' id='word_1_14' title='bbox 1282 333 1479 387; x_wconf 83' lang='lat' dir='ltr'>ignorat.</span> <span class='ocrx_word' id='word_1_15' title='bbox 1549 330 1610 371; x_wconf 87' lang='lat' dir='ltr'><strong>Et</strong></span> <span class='ocrx_word' id='word_1_16' title='bbox 1651 319 1793 372; x_wconf 50' lang='lat' dir='ltr'><strong>cum*</strong></span> 
     </span>
     <span class='ocr_line' id='line_1_3' title="bbox 302 403 1758 464; baseline -0.016 0"><span class='ocrx_word' id='word_1_17' title='bbox 302 424 355 464; x_wconf 88' lang='lat' dir='ltr'><strong>in</strong></span> <span class='ocrx_word' id='word_1_18' title='bbox 395 418 598 462; x_wconf 82' lang='lat' dir='ltr'><strong>tenebris</strong></span> <span class='ocrx_word' id='word_1_19' title='bbox 654 416 978 456; x_wconf 88' lang='lat' dir='ltr'><strong>obmutescunt</strong></span> <span class='ocrx_word' id='word_1_20' title='bbox 1015 410 1198 452; x_wconf 78' lang='lat' dir='ltr'><strong>literae,</strong></span> <span class='ocrx_word' id='word_1_21' title='bbox 1249 410 1300 444; x_wconf 79' lang='lat' dir='ltr'><strong>ut</strong></span> <span class='ocrx_word' id='word_1_22' title='bbox 1330 403 1558 458; x_wconf 87' lang='lat' dir='ltr'><strong>quondam</strong></span> <span class='ocrx_word' id='word_1_23' title='bbox 1606 408 1758 442; x_wconf 84' lang='lat' dir='ltr'><strong>statua</strong></span> 
     </span>
     <span class='ocr_line' id='line_1_4' title="bbox 302 474 1755 534; baseline -0.014 0"><span class='ocrx_word' id='word_1_24' title='bbox 302 489 561 534; x_wconf 80' lang='lat' dir='ltr'><strong>Memnonis</strong></span> <span class='ocrx_word' id='word_1_25' title='bbox 612 485 801 526; x_wconf 85' lang='lat' dir='ltr'><strong>nonnisi</strong></span> <span class='ocrx_word' id='word_1_26' title='bbox 848 483 979 523; x_wconf 86' lang='lat' dir='ltr'><strong>radio</strong></span> <span class='ocrx_word' id='word_1_27' title='bbox 1023 478 1146 521; x_wconf 81' lang='lat' dir='ltr'><strong>Solis</strong></span> <span class='ocrx_word' id='word_1_28' title='bbox 1199 481 1324 517; x_wconf 82' lang='lat' dir='ltr'><strong>tacta</strong></span> <span class='ocrx_word' id='word_1_29' title='bbox 1363 489 1469 516; x_wconf 86' lang='lat' dir='ltr'><strong>voce</strong></span> <span class='ocrx_word' id='word_1_30' title='bbox 1509 474 1755 528; x_wconf 83' lang='lat' dir='ltr'>gaudebat,</span> 
     </span>
     <span class='ocr_line' id='line_1_5' title="bbox 296 547 1752 613; baseline -0.014 -7"><span class='ocrx_word' id='word_1_31' title='bbox 296 566 366 607; x_wconf 87' lang='lat' dir='ltr'><strong>sic</strong></span> <span class='ocrx_word' id='word_1_32' title='bbox 400 558 666 607; x_wconf 76' lang='lat' dir='ltr'>Academia,</span> <span class='ocrx_word' id='word_1_33' title='bbox 704 571 840 613; x_wconf 83' lang='lat' dir='ltr'><strong>quam</strong></span> <span class='ocrx_word' id='word_1_34' title='bbox 868 554 938 595; x_wconf 92' lang='lat' dir='ltr'><strong>Tu</strong></span> <span class='ocrx_word' id='word_1_35' title='bbox 974 553 1201 596; x_wconf 82' lang='lat' dir='ltr'><strong>illustras,</strong></span> <span class='ocrx_word' id='word_1_36' title='bbox 1228 548 1477 590; x_wconf 84' lang='lat' dir='ltr'><strong>reviviscet</strong></span> <span class='ocrx_word' id='word_1_37' title='bbox 1500 553 1545 587; x_wconf 91' lang='lat' dir='ltr'><strong>et</strong></span> <span class='ocrx_word' id='word_1_38' title='bbox 1563 547 1752 600; x_wconf 82' lang='lat' dir='ltr'><strong>vigebit.</strong></span> 
     </span>
    </p>
   </div>
   <div class='ocr_carea' id='block_1_2' title="bbox 307 647 1763 994">
    <p class='ocr_par' dir='ltr' id='par_1_2' title="bbox 307 647 1763 994">
     <span class='ocr_line' id='line_1_6' title="bbox 434 647 1757 717; baseline -0.014 -11"><span class='ocrx_word' id='word_1_39' title='bbox 434 664 582 717; x_wconf 79' lang='lat' dir='ltr'><strong>Hujus</strong></span> <span class='ocrx_word' id='word_1_40' title='bbox 616 673 794 704; x_wconf 72' lang='lat' dir='ltr'><strong>sensuS,</strong></span> <span class='ocrx_word' id='word_1_41' title='bbox 854 671 878 697; x_wconf 79' lang='lat' dir='ltr'><strong>a</strong></span> <span class='ocrx_word' id='word_1_42' title='bbox 915 655 1046 696; x_wconf 84' lang='lat' dir='ltr'><strong>nullo</strong></span> <span class='ocrx_word' id='word_1_43' title='bbox 1083 653 1312 696; x_wconf 79' lang='lat' dir='ltr'><strong>Carolinae</strong></span> <span class='ocrx_word' id='word_1_44' title='bbox 1347 650 1551 691; x_wconf 81' lang='lat' dir='ltr'><strong>membro</strong></span> <span class='ocrx_word' id='word_1_45' title='bbox 1585 647 1757 695; x_wconf 78' lang='lat' dir='ltr'><strong>alieni,</strong></span> 
     </span>
     <span class='ocr_line' id='line_1_7' title="bbox 307 719 1763 789; baseline -0.014 -10"><span class='ocrx_word' id='word_1_46' title='bbox 307 750 454 779; x_wconf 81' lang='lat' dir='ltr'><strong>meam</strong></span> <span class='ocrx_word' id='word_1_47' title='bbox 500 738 680 789; x_wconf 85' lang='lat' dir='ltr'><strong>partem</strong></span> <span class='ocrx_word' id='word_1_48' title='bbox 724 730 866 771; x_wconf 85' lang='lat' dir='ltr'><strong>etiam</strong></span> <span class='ocrx_word' id='word_1_49' title='bbox 912 727 1042 768; x_wconf 82' lang='lat' dir='ltr'><strong>laetus</strong></span> <span class='ocrx_word' id='word_1_50' title='bbox 1097 725 1215 766; x_wconf 86' lang='lat' dir='ltr'><strong>mihi</strong></span> <span class='ocrx_word' id='word_1_51' title='bbox 1257 722 1476 769; x_wconf 83' lang='lat' dir='ltr'><strong>vindico;</strong></span> <span class='ocrx_word' id='word_1_52' title='bbox 1530 725 1576 762; x_wconf 86' lang='lat' dir='ltr'><strong>et</strong></span> <span class='ocrx_word' id='word_1_53' title='bbox 1616 725 1669 761; x_wconf 83' lang='lat' dir='ltr'><strong>ut</strong></span> <span class='ocrx_word' id='word_1_54' title='bbox 1709 719 1763 760; x_wconf 80' lang='lat' dir='ltr'><strong>in</strong></span> 
     </span>
     <span class='ocr_line' id='line_1_8' title="bbox 308 792 1762 866; baseline -0.013 -16"><span class='ocrx_word' id='word_1_55' title='bbox 308 821 490 866; x_wconf 87' lang='lat' dir='ltr'><strong>quoque</strong></span> <span class='ocrx_word' id='word_1_56' title='bbox 534 808 667 846; x_wconf 89' lang='lat' dir='ltr'><strong>coetu</strong></span> <span class='ocrx_word' id='word_1_57' title='bbox 718 801 901 841; x_wconf 78' lang='lat' dir='ltr'><strong>infimus</strong></span> <span class='ocrx_word' id='word_1_58' title='bbox 943 804 989 839; x_wconf 86' lang='lat' dir='ltr'><strong>et</strong></span> <span class='ocrx_word' id='word_1_59' title='bbox 1044 796 1241 838; x_wconf 82' lang='lat' dir='ltr'>maxime</span> <span class='ocrx_word' id='word_1_60' title='bbox 1284 792 1507 848; x_wconf 82' lang='lat' dir='ltr'><strong>ignobilis</strong></span> <span class='ocrx_word' id='word_1_61' title='bbox 1542 793 1762 846; x_wconf 78' lang='lat' dir='ltr'><strong>suffragia</strong></span> 
     </span>
     <span class='ocr_line' id='line_1_9' title="bbox 307 863 1761 936; baseline -0.012 -14"><span class='ocrx_word' id='word_1_62' title='bbox 307 880 487 936; x_wconf 76' lang='lat' dir='ltr'><strong>primus</strong></span> <span class='ocrx_word' id='word_1_63' title='bbox 521 875 643 916; x_wconf 88' lang='lat' dir='ltr'><strong>inire</strong></span> <span class='ocrx_word' id='word_1_64' title='bbox 681 872 826 919; x_wconf 78' lang='lat' dir='ltr'><strong>solet,</strong></span> <span class='ocrx_word' id='word_1_65' title='bbox 861 870 930 912; x_wconf 83' lang='lat' dir='ltr'><strong>sic</strong></span> <span class='ocrx_word' id='word_1_66' title='bbox 970 884 1050 922; x_wconf 87' lang='lat' dir='ltr'><strong>ego</strong></span> <span class='ocrx_word' id='word_1_67' title='bbox 1087 868 1264 922; x_wconf 85' lang='lat' dir='ltr'><strong>primus</strong></span> <span class='ocrx_word' id='word_1_68' title='bbox 1296 871 1477 907; x_wconf 87' lang='lat' dir='ltr'><strong>tenuem</strong></span> <span class='ocrx_word' id='word_1_69' title='bbox 1511 863 1761 911; x_wconf 83' lang='lat' dir='ltr'><strong>corollam,</strong></span> 
     </span>
     <span class='ocr_line' id='line_1_10' title="bbox 308 937 1530 994; baseline -0.013 -1"><span class='ocrx_word' id='word_1_70' title='bbox 308 955 361 994; x_wconf 81' lang='lat' dir='ltr'><strong>ut</strong></span> <span class='ocrx_word' id='word_1_71' title='bbox 394 948 666 991; x_wconf 83' lang='lat' dir='ltr'><strong>Botanicum</strong></span> <span class='ocrx_word' id='word_1_72' title='bbox 702 945 858 990; x_wconf 87' lang='lat' dir='ltr'><strong>decet,</strong></span> <span class='ocrx_word' id='word_1_73' title='bbox 909 942 968 982; x_wconf 80' lang='lat' dir='ltr'><strong>ad</strong></span> <span class='ocrx_word' id='word_1_74' title='bbox 1003 940 1124 981; x_wconf 85' lang='lat' dir='ltr'><strong>Tuos</strong></span> <span class='ocrx_word' id='word_1_75' title='bbox 1160 938 1297 994; x_wconf 83' lang='lat' dir='ltr'><strong>pedes</strong></span> <span class='ocrx_word' id='word_1_76' title='bbox 1338 937 1530 992; x_wconf 76' lang='lat' dir='ltr'><strong>depono,</strong></span> 
     </span>
    </p>
   </div>
   <div class='ocr_carea' id='block_1_3' title="bbox 310 1036 1761 1322">
    <p class='ocr_par' dir='ltr' id='par_1_3' title="bbox 310 1036 1761 1322">
     <span class='ocr_line' id='line_1_11' title="bbox 447 1036 1760 1095; baseline -0.011 -3"><span class='ocrx_word' id='word_1_77' title='bbox 447 1049 500 1092; x_wconf 89' lang='lat' dir='ltr'><strong>Si</strong></span> <span class='ocrx_word' id='word_1_78' title='bbox 531 1062 691 1093; x_wconf 75' lang='lat' dir='ltr'><strong>verum</strong></span> <span class='ocrx_word' id='word_1_79' title='bbox 726 1049 821 1090; x_wconf 85' lang='lat' dir='ltr'><strong>est,</strong></span> <span class='ocrx_word' id='word_1_80' title='bbox 871 1048 1046 1085; x_wconf 84' lang='lat' dir='ltr'><strong>naturae</strong></span> <span class='ocrx_word' id='word_1_81' title='bbox 1079 1040 1357 1095; x_wconf 86' lang='lat' dir='ltr'><strong>disciplinas</strong></span> <span class='ocrx_word' id='word_1_82' title='bbox 1393 1039 1442 1079; x_wconf 89' lang='lat' dir='ltr'><strong>in</strong></span> <span class='ocrx_word' id='word_1_83' title='bbox 1476 1042 1633 1079; x_wconf 80' lang='lat' dir='ltr'><strong>nostro</strong></span> <span class='ocrx_word' id='word_1_84' title='bbox 1666 1036 1760 1092; x_wconf 78' lang='lat' dir='ltr'><strong>Ly-</strong></span> 
     </span>
     <span class='ocr_line' id='line_1_12' title="bbox 311 1109 1758 1170; baseline -0.01 -4"><span class='ocrx_word' id='word_1_85' title='bbox 311 1138 390 1165; x_wconf 86' lang='lat' dir='ltr'><strong>ceo</strong></span> <span class='ocrx_word' id='word_1_86' title='bbox 411 1123 597 1166; x_wconf 84' lang='lat' dir='ltr'><strong>florere,</strong></span> <span class='ocrx_word' id='word_1_87' title='bbox 631 1118 715 1159; x_wconf 92' lang='lat' dir='ltr'><strong>sub</strong></span> <span class='ocrx_word' id='word_1_88' title='bbox 752 1120 832 1157; x_wconf 87' lang='lat' dir='ltr'><strong>tuo</strong></span> <span class='ocrx_word' id='word_1_89' title='bbox 866 1113 1143 1170; x_wconf 80' lang='lat' dir='ltr'><strong>patrocinio,</strong></span> <span class='ocrx_word' id='word_1_90' title='bbox 1181 1112 1292 1152; x_wconf 90' lang='lat' dir='ltr'><strong>ssore</strong></span> <span class='ocrx_word' id='word_1_91' title='bbox 1314 1109 1540 1156; x_wconf 79' lang='lat' dir='ltr'><strong>absoluto,</strong></span> <span class='ocrx_word' id='word_1_92' title='bbox 1576 1109 1758 1151; x_wconf 74' lang='lat' dir='ltr'><strong>fruetus</strong></span> 
     </span>
     <span class='ocr_line' id='line_1_13' title="bbox 310 1182 1761 1237; baseline -0.012 -2"><span class='ocrx_word' id='word_1_93' title='bbox 310 1195 518 1237; x_wconf 81' lang='lat' dir='ltr'><strong>feliciter</strong></span> <span class='ocrx_word' id='word_1_94' title='bbox 551 1193 872 1233; x_wconf 83' lang='lat' dir='ltr'><strong>maturescent.</strong></span> <span class='ocrx_word' id='word_1_95' title='bbox 936 1185 1007 1226; x_wconf 89' lang='lat' dir='ltr'><strong>Tu</strong></span> <span class='ocrx_word' id='word_1_96' title='bbox 1044 1185 1166 1224; x_wconf 85' lang='lat' dir='ltr'><strong>enim</strong></span> <span class='ocrx_word' id='word_1_97' title='bbox 1199 1197 1287 1222; x_wconf 87' lang='lat' dir='ltr'><strong>non</strong></span> <span class='ocrx_word' id='word_1_98' title='bbox 1320 1182 1494 1226; x_wconf 86' lang='lat' dir='ltr'><strong>solum.</strong></span> <span class='ocrx_word' id='word_1_99' title='bbox 1533 1187 1583 1222; x_wconf 88' lang='lat' dir='ltr'><strong>ut</strong></span> <span class='ocrx_word' id='word_1_100' title='bbox 1615 1183 1761 1236; x_wconf 79' lang='lat' dir='ltr'><strong>pleri.</strong></span> 
     </span>
     <span class='ocr_line' id='line_1_14' title="bbox 313 1252 1759 1322; baseline -0.01 -15"><span class='ocrx_word' id='word_1_101' title='bbox 313 1281 402 1322; x_wconf 87' lang='lat' dir='ltr'><strong>que</strong></span> <span class='ocrx_word' id='word_1_102' title='bbox 436 1262 705 1316; x_wconf 86' lang='lat' dir='ltr'><strong>Principes,</strong></span> <span class='ocrx_word' id='word_1_103' title='bbox 748 1274 821 1303; x_wconf 88' lang='lat' dir='ltr'><strong>eas</strong></span> <span class='ocrx_word' id='word_1_104' title='bbox 860 1272 1011 1304; x_wconf 80' lang='lat' dir='ltr'><strong>amas,</strong></span> <span class='ocrx_word' id='word_1_105' title='bbox 1060 1255 1139 1297; x_wconf 88' lang='lat' dir='ltr'><strong>sed</strong></span> <span class='ocrx_word' id='word_1_106' title='bbox 1184 1260 1234 1295; x_wconf 84' lang='lat' dir='ltr'><strong>ut</strong></span> <span class='ocrx_word' id='word_1_107' title='bbox 1267 1253 1429 1309; x_wconf 78' lang='lat' dir='ltr'><strong>pauci,</strong></span> <span class='ocrx_word' id='word_1_108' title='bbox 1477 1252 1576 1307; x_wconf 80' lang='lat' dir='ltr'><strong>ipse</strong></span> <span class='ocrx_word' id='word_1_109' title='bbox 1609 1254 1759 1297; x_wconf 80' lang='lat' dir='ltr'><strong>colere</strong></span> 
     </span>
    </p>
   </div>
   <div class='ocr_carea' id='block_1_4' title="bbox 315 1332 728 1389">
    <p class='ocr_par' dir='ltr' id='par_1_4' title="bbox 315 1332 728 1389">
     <span class='ocr_line' id='line_1_15' title="bbox 315 1332 728 1389; baseline -0.015 -11"><span class='ocrx_word' id='word_1_110' title='bbox 315 1352 408 1378; x_wconf 82' lang='lat' dir='ltr'><strong>non</strong></span> <span class='ocrx_word' id='word_1_111' title='bbox 443 1332 728 1389; x_wconf 84' lang='lat' dir='ltr'><strong>dedignaris.</strong></span> 
     </span>
    </p>
   </div>
   <div class='ocr_carea' id='block_1_5' title="bbox 312 1423 1764 1919">
    <p class='ocr_par' dir='ltr' id='par_1_5' title="bbox 312 1423 1764 1919">
     <span class='ocr_line' id='line_1_16' title="bbox 447 1423 1763 1490; baseline -0.009 -13"><span class='ocrx_word' id='word_1_112' title='bbox 447 1434 615 1490; x_wconf 84' lang='lat' dir='ltr'>Neque</span> <span class='ocrx_word' id='word_1_113' title='bbox 660 1435 711 1475; x_wconf 86' lang='lat' dir='ltr'><strong>in</strong></span> <span class='ocrx_word' id='word_1_114' title='bbox 748 1430 897 1487; x_wconf 83' lang='lat' dir='ltr'><strong>gratia</strong></span> <span class='ocrx_word' id='word_1_115' title='bbox 935 1426 1176 1470; x_wconf 78' lang='lat' dir='ltr'><strong>reserenda</strong></span> <span class='ocrx_word' id='word_1_116' title='bbox 1210 1439 1426 1481; x_wconf 84' lang='lat' dir='ltr'><strong>umquam</strong></span> <span class='ocrx_word' id='word_1_117' title='bbox 1472 1423 1570 1466; x_wconf 75' lang='lat' dir='ltr'><strong>Illae</strong></span> <span class='ocrx_word' id='word_1_118' title='bbox 1603 1425 1763 1466; x_wconf 82' lang='lat' dir='ltr'><strong>desue-</strong></span> 
     </span>
     <span class='ocr_line' id='line_1_17' title="bbox 316 1495 1759 1559; baseline -0.01 -9"><span class='ocrx_word' id='word_1_119' title='bbox 316 1513 438 1552; x_wconf 87' lang='lat' dir='ltr'><strong>runt.</strong></span> <span class='ocrx_word' id='word_1_120' title='bbox 504 1506 647 1549; x_wconf 86' lang='lat' dir='ltr'><strong>Vates</strong></span> <span class='ocrx_word' id='word_1_121' title='bbox 684 1503 872 1559; x_wconf 85' lang='lat' dir='ltr'><strong>quidem</strong></span> <span class='ocrx_word' id='word_1_122' title='bbox 928 1497 1176 1551; x_wconf 73' lang='lat' dir='ltr'><strong>saepissime</strong></span> <span class='ocrx_word' id='word_1_123' title='bbox 1226 1496 1493 1538; x_wconf 76' lang='lat' dir='ltr'><strong>memoriam</strong></span> <span class='ocrx_word' id='word_1_124' title='bbox 1538 1495 1759 1536; x_wconf 79' lang='lat' dir='ltr'><strong>Maecena-</strong></span> 
     </span>
     <span class='ocr_line' id='line_1_18' title="bbox 313 1566 1761 1622; baseline -0.01 -2"><span class='ocrx_word' id='word_1_125' title='bbox 313 1587 412 1622; x_wconf 70' lang='lat' dir='ltr'><strong>tum</strong></span> <span class='ocrx_word' id='word_1_126' title='bbox 466 1573 817 1620; x_wconf 82' lang='lat' dir='ltr'><strong>immortalitati</strong></span> <span class='ocrx_word' id='word_1_127' title='bbox 867 1574 1117 1616; x_wconf 75' lang='lat' dir='ltr'><strong>voverunt3</strong></span> <span class='ocrx_word' id='word_1_128' title='bbox 1181 1567 1264 1609; x_wconf 75' lang='lat' dir='ltr'><strong>sed</strong></span> <span class='ocrx_word' id='word_1_129' title='bbox 1319 1582 1410 1609; x_wconf 87' lang='lat' dir='ltr'><strong>non</strong></span> <span class='ocrx_word' id='word_1_130' title='bbox 1461 1567 1551 1608; x_wconf 84' lang='lat' dir='ltr'><strong>nisi</strong></span> <span class='ocrx_word' id='word_1_131' title='bbox 1604 1566 1761 1620; x_wconf 75' lang='lat' dir='ltr'><strong>lingua</strong></span> 
     </span>
     <span class='ocr_line' id='line_1_19' title="bbox 312 1637 1762 1702; baseline -0.01 -10"><span class='ocrx_word' id='word_1_132' title='bbox 312 1651 513 1692; x_wconf 75' lang='lat' dir='ltr'><strong>ambitus</strong></span> <span class='ocrx_word' id='word_1_133' title='bbox 568 1644 879 1702; x_wconf 86' lang='lat' dir='ltr'><strong>angustioris,</strong></span> <span class='ocrx_word' id='word_1_134' title='bbox 948 1640 1098 1681; x_wconf 82' lang='lat' dir='ltr'><strong>dubiae</strong></span> <span class='ocrx_word' id='word_1_135' title='bbox 1149 1637 1470 1692; x_wconf 81' lang='lat' dir='ltr'><strong>perennitatis.</strong></span> <span class='ocrx_word' id='word_1_136' title='bbox 1547 1637 1762 1679; x_wconf 75' lang='lat' dir='ltr'><strong>Linnaeus</strong></span> 
     </span>
     <span class='ocr_line' id='line_1_20' title="bbox 316 1709 1764 1768; baseline -0.01 -4"><span class='ocrx_word' id='word_1_137' title='bbox 316 1736 424 1764; x_wconf 78' lang='lat' dir='ltr'><strong>vero</strong></span> <span class='ocrx_word' id='word_1_138' title='bbox 477 1722 636 1762; x_wconf 84' lang='lat' dir='ltr'><strong>florem</strong></span> <span class='ocrx_word' id='word_1_139' title='bbox 684 1716 890 1768; x_wconf 82' lang='lat' dir='ltr'><strong>Augusto</strong></span> <span class='ocrx_word' id='word_1_140' title='bbox 940 1711 1187 1753; x_wconf 73' lang='lat' dir='ltr'><strong>Svccorum</strong></span> <span class='ocrx_word' id='word_1_141' title='bbox 1234 1709 1440 1756; x_wconf 86' lang='lat' dir='ltr'><strong>dicavit,</strong></span> <span class='ocrx_word' id='word_1_142' title='bbox 1484 1710 1565 1765; x_wconf 83' lang='lat' dir='ltr'><strong>qui</strong></span> <span class='ocrx_word' id='word_1_143' title='bbox 1601 1723 1764 1750; x_wconf 85' lang='lat' dir='ltr'><strong>nomen</strong></span> 
     </span>
     <span class='ocr_line' id='line_1_21' title="bbox 318 1780 1762 1842; baseline -0.01 -9"><span class='ocrx_word' id='word_1_144' title='bbox 318 1792 457 1833; x_wconf 83' lang='lat' dir='ltr'><strong>Illius</strong></span> <span class='ocrx_word' id='word_1_145' title='bbox 503 1792 554 1832; x_wconf 86' lang='lat' dir='ltr'><strong>in</strong></span> <span class='ocrx_word' id='word_1_146' title='bbox 599 1785 868 1842; x_wconf 84' lang='lat' dir='ltr'><strong>longinquis</strong></span> <span class='ocrx_word' id='word_1_147' title='bbox 919 1783 1060 1823; x_wconf 85' lang='lat' dir='ltr'><strong>terris</strong></span> <span class='ocrx_word' id='word_1_148' title='bbox 1108 1780 1355 1836; x_wconf 81' lang='lat' dir='ltr'><strong>quotannis</strong></span> <span class='ocrx_word' id='word_1_149' title='bbox 1405 1781 1630 1828; x_wconf 77' lang='lat' dir='ltr'><strong>celebrat,</strong></span> <span class='ocrx_word' id='word_1_150' title='bbox 1686 1783 1762 1828; x_wconf 80' lang='lat' dir='ltr'><strong>et,</strong></span> 
     </span>
     <span class='ocr_line' id='line_1_22' title="bbox 315 1851 1761 1919; baseline -0.016 -14"><span class='ocrx_word' id='word_1_151' title='bbox 315 1863 538 1919; x_wconf 83' lang='lat' dir='ltr'><strong>quamdiu</strong></span> <span class='ocrx_word' id='word_1_152' title='bbox 583 1860 724 1902; x_wconf 86' lang='lat' dir='ltr'><strong>tellus</strong></span> <span class='ocrx_word' id='word_1_153' title='bbox 760 1857 885 1898; x_wconf 87' lang='lat' dir='ltr'><strong>circa</strong></span> <span class='ocrx_word' id='word_1_154' title='bbox 919 1853 1060 1895; x_wconf 87' lang='lat' dir='ltr'><strong>solem</strong></span> <span class='ocrx_word' id='word_1_155' title='bbox 1093 1851 1325 1898; x_wconf 76' lang='lat' dir='ltr'><strong>volvitur,</strong></span> <span class='ocrx_word' id='word_1_156' title='bbox 1359 1853 1593 1894; x_wconf 79' lang='lat' dir='ltr'><strong>celebrare</strong></span> <span class='ocrx_word' id='word_1_157' title='bbox 1627 1866 1761 1897; x_wconf 64' lang='lat' dir='ltr'><strong>num-</strong></span> 
     </span>
    </p>
   </div>
   <div class='ocr_carea' id='block_1_6' title="bbox 317 1931 695 1989">
    <p class='ocr_par' dir='ltr' id='par_1_6' title="bbox 317 1931 695 1989">
     <span class='ocr_line' id='line_1_23' title="bbox 317 1931 695 1989; baseline -0.016 -13"><span class='ocrx_word' id='word_1_158' title='bbox 317 1948 453 1989; x_wconf 84' lang='lat' dir='ltr'><strong>quam</strong></span> <span class='ocrx_word' id='word_1_159' title='bbox 486 1931 695 1974; x_wconf 85' lang='lat' dir='ltr'><strong>cessabit.</strong></span> 
     </span>
    </p>
   </div>
   <div class='ocr_carea' id='block_1_7' title="bbox 315 2022 1763 2358">
    <p class='ocr_par' dir='ltr' id='par_1_7' title="bbox 315 2022 1763 2358">
     <span class='ocr_line' id='line_1_24' title="bbox 447 2022 1762 2084; baseline -0.009 -9"><span class='ocrx_word' id='word_1_160' title='bbox 447 2031 689 2075; x_wconf 84' lang='lat' dir='ltr'><strong>Linnaeum</strong></span> <span class='ocrx_word' id='word_1_161' title='bbox 726 2028 917 2084; x_wconf 87' lang='lat' dir='ltr'><strong>quidem</strong></span> <span class='ocrx_word' id='word_1_162' title='bbox 961 2028 1052 2081; x_wconf 84' lang='lat' dir='ltr'><strong>jam</strong></span> <span class='ocrx_word' id='word_1_163' title='bbox 1098 2026 1275 2067; x_wconf 76' lang='lat' dir='ltr'><strong>frustra</strong></span> <span class='ocrx_word' id='word_1_164' title='bbox 1309 2025 1490 2081; x_wconf 68' lang='lat' dir='ltr'><strong>quaris.</strong></span> <span class='ocrx_word' id='word_1_165' title='bbox 1553 2022 1644 2065; x_wconf 80' lang='lat' dir='ltr'><strong>Sed</strong></span> <span class='ocrx_word' id='word_1_166' title='bbox 1683 2038 1762 2064; x_wconf 88' lang='lat' dir='ltr'><strong>au-</strong></span> 
     </span>
     <span class='ocr_line' id='line_1_25' title="bbox 316 2090 1762 2158; baseline -0.008 -13"><span class='ocrx_word' id='word_1_167' title='bbox 316 2103 480 2158; x_wconf 77' lang='lat' dir='ltr'><strong>spiciis</strong></span> <span class='ocrx_word' id='word_1_168' title='bbox 516 2103 609 2144; x_wconf 84' lang='lat' dir='ltr'><strong>tuis</strong></span> <span class='ocrx_word' id='word_1_169' title='bbox 661 2105 957 2146; x_wconf 68' lang='lat' dir='ltr'><strong>renascetur-3</strong></span> <span class='ocrx_word' id='word_1_170' title='bbox 1018 2103 1063 2137; x_wconf 88' lang='lat' dir='ltr'><strong>et</strong></span> <span class='ocrx_word' id='word_1_171' title='bbox 1099 2110 1204 2137; x_wconf 89' lang='lat' dir='ltr'><strong>cum</strong></span> <span class='ocrx_word' id='word_1_172' title='bbox 1237 2110 1363 2136; x_wconf 83' lang='lat' dir='ltr'><strong>amor</strong></span> <span class='ocrx_word' id='word_1_173' title='bbox 1399 2094 1559 2150; x_wconf 87' lang='lat' dir='ltr'><strong>populi</strong></span> <span class='ocrx_word' id='word_1_174' title='bbox 1594 2090 1762 2140; x_wconf 74' lang='lat' dir='ltr'><strong>memo-</strong></span> 
     </span>
     <span class='ocr_line' id='line_1_26' title="bbox 315 2165 1762 2225; baseline -0.008 -9"><span class='ocrx_word' id='word_1_175' title='bbox 315 2175 434 2217; x_wconf 82' lang='lat' dir='ltr'><strong>riam</strong></span> <span class='ocrx_word' id='word_1_176' title='bbox 481 2173 628 2215; x_wconf 88' lang='lat' dir='ltr'><strong>Tuam</strong></span> <span class='ocrx_word' id='word_1_177' title='bbox 660 2173 740 2213; x_wconf 88' lang='lat' dir='ltr'><strong>diu</strong></span> <span class='ocrx_word' id='word_1_178' title='bbox 779 2171 852 2225; x_wconf 86' lang='lat' dir='ltr'><strong>pie</strong></span> <span class='ocrx_word' id='word_1_179' title='bbox 891 2168 1116 2214; x_wconf 81' lang='lat' dir='ltr'><strong>servabit,</strong></span> <span class='ocrx_word' id='word_1_180' title='bbox 1182 2181 1286 2208; x_wconf 86' lang='lat' dir='ltr'><strong>cum</strong></span> <span class='ocrx_word' id='word_1_181' title='bbox 1328 2167 1536 2207; x_wconf 79' lang='lat' dir='ltr'><strong>Historia</strong></span> <span class='ocrx_word' id='word_1_182' title='bbox 1579 2165 1642 2207; x_wconf 87' lang='lat' dir='ltr'><strong>Te</strong></span> <span class='ocrx_word' id='word_1_183' title='bbox 1679 2179 1762 2219; x_wconf 86' lang='lat' dir='ltr'><strong>per</strong></span> 
     </span>
     <span class='ocr_line' id='line_1_27' title="bbox 317 2235 1763 2293; baseline -0.006 -8"><span class='ocrx_word' id='word_1_184' title='bbox 317 2245 480 2285; x_wconf 80' lang='lat' dir='ltr'><strong>saecula</strong></span> <span class='ocrx_word' id='word_1_185' title='bbox 512 2241 919 2286; x_wconf 82' lang='lat' dir='ltr'><strong>commemorabit,</strong></span> <span class='ocrx_word' id='word_1_186' title='bbox 958 2237 1104 2293; x_wconf 76' lang='lat' dir='ltr'><strong>affiget</strong></span> <span class='ocrx_word' id='word_1_187' title='bbox 1142 2238 1228 2280; x_wconf 78' lang='lat' dir='ltr'><strong>ille</strong></span> <span class='ocrx_word' id='word_1_188' title='bbox 1261 2238 1353 2293; x_wconf 84' lang='lat' dir='ltr'><strong>ipsi</strong></span> <span class='ocrx_word' id='word_1_189' title='bbox 1388 2235 1579 2278; x_wconf 75' lang='lat' dir='ltr'><strong>Naturae</strong></span> <span class='ocrx_word' id='word_1_190' title='bbox 1613 2235 1763 2277; x_wconf 85' lang='lat' dir='ltr'><strong>Tuum</strong></span> 
     </span>
     <span class='ocr_line' id='line_1_28' title="bbox 315 2312 932 2358; baseline -0.01 0"><span class='ocrx_word' id='word_1_191' title='bbox 315 2329 480 2358; x_wconf 75' lang='lat' dir='ltr'><strong>nomen</strong></span> <span class='ocrx_word' id='word_1_192' title='bbox 512 2329 602 2356; x_wconf 85' lang='lat' dir='ltr'><strong>non</strong></span> <span class='ocrx_word' id='word_1_193' title='bbox 643 2312 932 2355; x_wconf 70' lang='lat' dir='ltr'><strong>moriturum„</strong></span> 
     </span>
    </p>
   </div>
   <div class='ocr_carea' id='block_1_8' title="bbox 1065 2543 1699 2592">
    <p class='ocr_par' dir='ltr' id='par_1_8' title="bbox 1065 2543 1699 2592">
     <span class='ocr_line' id='line_1_29' title="bbox 1065 2543 1699 2592; baseline -0.002 -5"><span class='ocrx_word' id='word_1_194' title='bbox 1065 2544 1358 2592; x_wconf 70' lang='lat' dir='ltr'><strong>Humillime,</strong></span> <span class='ocrx_word' id='word_1_195' title='bbox 1405 2543 1699 2586; x_wconf 68' lang='lat' dir='ltr'><strong>devotissime</strong></span> 
     </span>
    </p>
   </div>
   <div class='ocr_carea' id='block_1_9' title="bbox 1128 2621 1652 2688">
    <p class='ocr_par' dir='ltr' id='par_1_9' title="bbox 1128 2621 1652 2688">
     <span class='ocr_line' id='line_1_30' title="bbox 1128 2621 1652 2688; baseline -0.011 -13"><span class='ocrx_word' id='word_1_196' title='bbox 1128 2626 1185 2675; x_wconf 84' lang='lat' dir='ltr'><strong>C.</strong></span> <span class='ocrx_word' id='word_1_197' title='bbox 1237 2626 1295 2673; x_wconf 76' lang='lat' dir='ltr'><strong>A„</strong></span> <span class='ocrx_word' id='word_1_198' title='bbox 1357 2621 1652 2688; x_wconf 75' lang='lat' dir='ltr'><strong>Agardh.</strong></span> 
     </span>
    </p>
   </div>
  </div>
 </body>
</html>
