1793 3057
442 682 1127 754 Praefatio,

41 862 407 992 Impressione
476 928 647 993 operis
712 929 909 989 nostri,
983 924 1185 995 Species
1245 923 1509 992 Algarum

40 996 308 1059 inscripti,
360 1006 465 1041 non
517 1004 695 1042 nostra
742 995 898 1060 culpa
951 997 1038 1044 sed
1092 993 1287 1043 infelici
1348 1013 1504 1053 casu,

40 1068 298 1127 abrupta,
366 1061 501 1111 hanc
566 1063 941 1129 sciagraphiam
991 1074 1179 1113 nostrae
1218 1063 1376 1128 Algas
1424 1066 1510 1114 di·

39 1130 288 1201 sponendi
327 1133 543 1180 rationis
585 1133 832 1196 evulgare
869 1136 1037 1182 coacti
1076 1150 1271 1182 sumus,
1353 1132 1510 1182 Illam

35 1212 213 1252 tamen
275 1201 347 1247 ita
412 1200 628 1264 publico
663 1201 872 1248 tradere
915 1202 1216 1261 voluimus,
1257 1209 1315 1248 ut
1352 1201 1509 1250 simul

35 1278 170 1321 esset
235 1268 565 1316 enchiridion
620 1268 903 1333 Algologiae
961 1267 1273 1317 universalis
1329 1263 1387 1317 &
1425 1272 1512 1320 in·-

36 1338 300 1388 troductio
337 1338 403 1385 ad
442 1335 716 1385 historiam
770 1335 926 1404 hujus
982 1342 1202 1386 maxime
1243 1355 1510 1387 memora-

38 1407 157 1458 bilis
222 1405 398 1452 classis
464 1403 782 1469 plantarum.
863 1409 919 1454 In
979 1424 1085 1471 quo
1140 1423 1264 1453 vero
1327 1415 1510 1456 nostro

39 1483 347 1542 systemate7
404 1475 443 1520 si
502 1489 895 1537 nonnumquam
959 1494 986 1524 a
1034 1477 1217 1523 ceteris
1280 1476 1511 1524 auctori-

35 1545 135 1594 bus
173 1544 516 1602 discessimus,
575 1543 626 1590 id
668 1558 759 1589 nec
798 1546 1013 1608 pruritu
1051 1543 1300 1592 novitatis
1336 1560 1509 1608 neque

36 1621 305 1664 contemtu
368 1627 537 1675 operae
611 1610 835 1658 aliorum
898 1612 1277 1676 Algologorum
1341 1612 1511 1659 nostri

35 1681 316 1745 temporis,
388 1680 480 1744 qui
534 1696 709 1727 omnes
767 1678 876 1728 fere
934 1682 1161 1728 amicitia
1216 1680 1510 1728 arctissima

34 1750 184 1799 nobis
228 1749 391 1811 juncti
448 1756 595 1808 sunt,
658 1766 748 1795 nos
809 1748 986 1797 fecisse
1026 1746 1364 1796 manifestum
1412 1756 1506 1796 est.

35 1817 272 1867 Eandem
334 1816 469 1864 enim
528 1815 619 1865 has
657 1815 862 1881 plantas
898 1817 1207 1884 disponendi
1247 1817 1508 1864 rationem

34 1890 136 1955 jam
175 1887 323 1948 longe
367 1884 559 1931 abhinc
594 1882 651 1934 <Sc
689 1884 795 1932 sere
833 1886 900 1933 ab
935 1888 1088 1933 initio
1138 1887 1302 1932 nostri
1345 1884 1508 1932 studii

34 1953 260 2021 amplexi
298 1971 492 2012 sumus,
540 1954 654 2002 idco
696 1958 880 2002 ceteris
930 1954 1196 2021 plerisque
1228 1954 1506 2017 antiquio-

38 2041 164 2072 rem.
239 2023 417 2088 Neque
453 2021 718 2087 despicere
754 2021 980 2071 aliorum
1014 2038 1226 2086 operam
1248 2024 1288 2069 is
1315 2028 1505 2086 potest,

34 2093 127 2156 qui
186 2093 292 2156 ipse
360 2089 723 2138 difficultatem
791 2090 947 2156 hujus
996 2090 1155 2138 studii
1211 2089 1506 2155 cognoscit,

32 2159 118 2207 vel
166 2162 205 2207 is
255 2175 457 2206 errores
511 2175 686 2206 severe
728 2160 1018 2224 imputare5
1080 2159 1172 2223 qui
1230 2160 1339 2224 ipse
1387 2155 1506 2204 illos

31 2229 85 2275 in
124 2228 219 2274 hac
257 2236 407 2293 parte
468 2225 740 2274 Botanices
800 2230 970 2275 minus
1027 2243 1186 2292 qnam
1229 2229 1278 2274 in
1319 2226 1504 2272 ceteris

34 2297 300 2344 evitandos
355 2311 462 2342 esse
524 2297 799 2361 saepissime
849 2304 1094 2361 expertus
1151 2295 1270 2343 fuit.
1346 2292 1505 2357 Quod

28 2365 244 2430 insuper
293 2382 353 2411 eo
392 2363 566 2409 minus
614 2368 664 2409 in
706 2380 797 2411 nos
838 2364 1020 2411 cadere
1052 2367 1243 2430 potuit7
1282 2377 1400 2411 cum
1439 2377 1502 2407 ex

31 2434 238 2497 scriptis
281 2432 515 2498 plurium
566 2439 843 2480 auctorum
896 2431 1147 2499 pleraque
1209 2429 1501 2489 hausimus,

30 2517 145 2563 quae
211 2511 387 2548 nostro
460 2502 732 2566 proposito
795 2498 1181 2566 quodammodo
1240 2499 1497 2548 inservire

31 2571 319 2634 potuerint,
358 2578 463 2619 tani
499 2570 690 2636 species
734 2586 909 2633 novas,
944 2582 1110 2637 quarn·
1140 2584 1330 2635 genera
1363 2565 1494 2615 bene
